<?xml version="1.0" encoding="UTF-8"?><collection xmlns="http://www.loc.gov/MARC21/slim"><record><leader>00331nam--2200121-i-4500</leader><controlfield tag="001">000013848</controlfield><controlfield tag="002">20161230</controlfield><controlfield tag="005">20161230201030</controlfield><controlfield tag="008">060222s1000------------r-----000-0-eng-d</controlfield><datafield ind1=" " ind2=" " tag="080"><subfield code="a">551.576(084.4)</subfield></datafield><datafield ind1=" " ind2=" " tag="245"><subfield code="a">Atlas international des nuages</subfield></datafield><datafield ind1=" " ind2=" " tag="260"><subfield code="a">Geneva, Organisation Meteorologique Mondiale, 1956 224 Pl. + 15 P</subfield></datafield><datafield ind1=" " ind2=" " tag="852"><subfield code="a">47677</subfield></datafield></record></collection>